<record><leader>00000cas a22000007a 4500</leader><controlfield tag="001">10128869</controlfield><controlfield tag="008">831115d18161821pauwr ne      0    0eng d</controlfield><datafield ind1=" " ind2=" " tag="010"><subfield code="a">sn 83032016 </subfield></datafield><datafield ind1=" " ind2=" " tag="040"><subfield code="a">NPU</subfield><subfield code="b">eng</subfield><subfield code="c">NPU</subfield><subfield code="d">NYG</subfield><subfield code="d">NPY</subfield><subfield code="d">DLC</subfield><subfield code="d">NPX</subfield><subfield code="d">NPH</subfield><subfield code="d">DLC</subfield><subfield code="d">OCLCQ</subfield><subfield code="d">OCLCF</subfield></datafield><datafield ind1="1" ind2=" " tag="029"><subfield code="a">AU@</subfield><subfield code="b">000025834009</subfield></datafield><datafield ind1=" " ind2=" " tag="042"><subfield code="a">msc</subfield></datafield><datafield ind1=" " ind2=" " tag="043"><subfield code="a">n-us-pa</subfield></datafield><datafield ind1="0" ind2="0" tag="050"><subfield code="a">Newspaper</subfield></datafield><datafield ind1="0" ind2=" " tag="130"><subfield code="a">Doylestown Democrat (Doylestown, Pa. : 1816)</subfield></datafield><datafield ind1="1" ind2="0" tag="245"><subfield code="a">Doylestown Democrat.</subfield></datafield><datafield ind1=" " ind2=" " tag="260"><subfield code="a">Doylestown, Pa. :</subfield><subfield code="b">Lewis Deffebach and Co.</subfield></datafield><datafield ind1=" " ind2=" " tag="300"><subfield code="a">v. ;</subfield><subfield code="c">46-51 cm.</subfield></datafield><datafield ind1=" " ind2=" " tag="310"><subfield code="a">Weekly</subfield></datafield><datafield ind1="1" ind2=" " tag="362"><subfield code="a">Began with Sept. 17, 1816 issue? Ceased in 1821.</subfield></datafield><datafield ind1=" " ind2=" " tag="500"><subfield code="a">Publishers: Lewis Deffebach &amp; Co., 1816; Lewis Deffebach, 1816-&lt;1819&gt;.</subfield></datafield><datafield ind1=" " ind2=" " tag="515"><subfield code="a">Suspended with Sept. 27, 1820 issue; resumed with Jan. 2, 1821 issue. Cf. Brigham, C.S. Amer. newspapers.</subfield></datafield><datafield ind1=" " ind2=" " tag="588"><subfield code="a">Description based on: Vol. 1, no. 2 (Sept. 24, 1816).</subfield></datafield><datafield ind1=" " ind2="0" tag="651"><subfield code="a">Doylestown (Pa.)</subfield><subfield code="v">Newspapers.</subfield></datafield><datafield ind1=" " ind2="7" tag="655"><subfield code="a">Newspapers.</subfield><subfield code="2">fast</subfield><subfield code="0">(OCoLC)fst01423814</subfield></datafield><datafield ind1=" " ind2="7" tag="651"><subfield code="a">Pennsylvania</subfield><subfield code="z">Doylestown.</subfield><subfield code="2">fast</subfield><subfield code="0">(OCoLC)fst01213797</subfield></datafield><datafield ind1=" " ind2=" " tag="752"><subfield code="a">United States</subfield><subfield code="b">Pennsylvania</subfield><subfield code="c">Bucks</subfield><subfield code="d">Doylestown.</subfield></datafield><datafield ind1="0" ind2="7" tag="785"><subfield code="t">Bucks County messenger</subfield><subfield code="w">(DLC)sn 86053372</subfield><subfield code="w">(OCoLC)13545527</subfield></datafield><datafield ind1="0" ind2="7" tag="785"><subfield code="t">Bucks County Democrat</subfield><subfield code="w">(DLC)sn 86053373</subfield><subfield code="w">(OCoLC)13545601</subfield></datafield></record>